<record><leader>00000cas a2200000 a 4500</leader><controlfield tag="001">13179662</controlfield><controlfield tag="008">860221d19231945coudn ne      0    0eng d</controlfield><datafield ind1=" " ind2=" " tag="010"><subfield code="a">sn 86063150 </subfield></datafield><datafield ind1=" " ind2=" " tag="040"><subfield code="a">KSH</subfield><subfield code="b">eng</subfield><subfield code="c">KSH</subfield><subfield code="d">NPT</subfield><subfield code="d">CNQ</subfield><subfield code="d">OCL</subfield><subfield code="d">OCLCQ</subfield></datafield><datafield ind1=" " ind2=" " tag="042"><subfield code="a">msc</subfield></datafield><datafield ind1="0" ind2="4" tag="245"><subfield code="a">The Fort Collins express-courier.</subfield></datafield><datafield ind1=" " ind2=" " tag="260"><subfield code="a">Fort Collins, Larmier County, Colo. :</subfield><subfield code="b">Express-Courier Pub. Co.</subfield></datafield><datafield ind1=" " ind2=" " tag="300"><subfield code="a">v.</subfield></datafield><datafield ind1=" " ind2=" " tag="310"><subfield code="a">Daily (except Sat.)</subfield></datafield><datafield ind1="0" ind2=" " tag="362"><subfield code="a">Vol. 50, no. 96 (Aug. 13, 1923)-Apr. 27, 1945.</subfield></datafield><datafield ind1=" " ind2=" " tag="500"><subfield code="a">On Sun. Published as: Sunday express-courier, Aug. 19, 1923-July 26, 1925, and: Fort Collins Sunday express-courier, Aug. 2, 1925-Apr. 29, 1928.</subfield></datafield><datafield ind1=" " ind2=" " tag="530"><subfield code="a">Available on microfilm from the Colorado Historical Society.</subfield></datafield><datafield ind1=" " ind2=" " tag="752"><subfield code="a">United States</subfield><subfield code="b">Colorado</subfield><subfield code="c">Larimer</subfield><subfield code="d">Fort Collins.</subfield></datafield><datafield ind1="0" ind2="4" tag="780"><subfield code="t">Fort Collins courier (Fort Collins, Colo. : Daily)</subfield><subfield code="w">(DLC)sn 91052524</subfield></datafield><datafield ind1="0" ind2="4" tag="780"><subfield code="t">Fort Collins express (Fort Collins, Colo. : 1916 : Daily)</subfield><subfield code="w">(DLC)sn 91052215</subfield></datafield><datafield ind1="0" ind2="0" tag="785"><subfield code="t">Fort Collins Coloradoan (Fort Collins, Colo. : 1945)</subfield><subfield code="w">(DLC)sn 78006143</subfield></datafield><datafield ind1="1" ind2=" " tag="029"><subfield code="a">AU@</subfield><subfield code="b">000022167278</subfield></datafield></record>